 
@book{ISLR,
  title={An Introduction to Statistical Learning: with Applications in R},
  author={James, G. and Witten, D. and Hastie, T. and Tibshirani, R.},
  isbn={9781461471370},
  lccn={13936251},
  series={Springer Texts in Statistics},
  url={https://books.google.com/books?id=at1bmAEACAAJ},
  year={2014},
  publisher={Springer New York}
}

@article{Breiman,
 author = {Breiman, Leo},
 title = {Random Forests},
 journal = {Mach. Learn.},
 issue_date = {October 1 2001},
 volume = {45},
 number = {1},
 month = oct,
 year = {2001},
 issn = {0885-6125},
 pages = {5--32},
 numpages = {28},
 url = {https://doi.org/10.1023/A:1010933404324},
 doi = {10.1023/A:1010933404324},
 acmid = {570182},
 publisher = {Kluwer Academic Publishers},
 address = {Hingham, MA, USA},
 keywords = {classification, ensemble, regression},
} 

@article{JMLR,
 author = {Lu, Benjamin and Hardin, Johanna},
 title = {Prediction Intervals for Random Forests},
 year = {2018},
 keywords = {prediction intervals, random forest},
}

@article{Olson,
 author = {Olson,Matthew and Wyner,Abraham},
 title = {Making Sense of Random Forest Probabilities: a Kernel
Perspective},
 year = {2018},
 keywords = {probability estimation, random forest},
}

@article{Lin,
author = {Yi Lin and Yongho Jeon},
title = {Random Forests and Adaptive Nearest Neighbors},
journal = {Journal of the American Statistical Association},
volume = {101},
number = {474},
pages = {578-590},
year  = {2006},
publisher = {Taylor & Francis},
doi = {10.1198/016214505000001230},

URL = { 
        https://doi.org/10.1198/016214505000001230
    
},
eprint = { 
        https://doi.org/10.1198/016214505000001230
    
}

}
@article{WagerJMLR,
 author = {Wager, Stefan and Hastie, Trevor and Efron, Bradley},
 title = {Confidence Intervals for Random Forests: The Jackknife and the Infinitesimal Jackknife},
 journal = {J. Mach. Learn. Res.},
 issue_date = {January 2014},
 volume = {15},
 number = {1},
 month = jan,
 year = {2014},
 issn = {1532-4435},
 pages = {1625--1651},
 numpages = {27},
 url = {http://dl.acm.org/citation.cfm?id=2627435.2638587},
 acmid = {2638587},
 publisher = {JMLR.org},
 keywords = {Monte Carlo noise, bagging, jackknife methods, variance estimation},
 year = {2014}
} 

@book{casella2002statistical,
  title={Statistical Inference},
  author={Casella, G. and Berger, R.L.},
  isbn={9780534243128},
  lccn={2001025794},
  series={Duxbury advanced series in statistics and decision sciences},
  url={https://books.google.fr/books?id=0x\_vAAAAMAAJ},
  year={2002},
  publisher={Thomson Learning}
}


@book{Neter1996,
  added-at = {2011-03-14T01:05:37.000+0100},
  address = {Chicago},
  author = {Neter, J. and Kutner, M. H. and Nachtsheim, C. J. and Wasserman, W.},
  biburl = {https://www.bibsonomy.org/bibtex/2e27d10c7eb8f3933c67670be61d6aa15/lantiq},
  groups = {public},
  interhash = {f0ac8449e85abd0e69055df110623510},
  intrahash = {e27d10c7eb8f3933c67670be61d6aa15},
  keywords = {statistics},
  publisher = {Irwin},
  timestamp = {2011-08-28T03:10:19.000+0200},
  title = {Applied Linear Statistical Models},
  username = {lantiq},
  year = 1996
}

@article{grf,
author = {Athey, Susan and Tibshirani, Julie and Wager, Stefan},
title = {Generalized Random Forests},
journal = {	arXiv:1610.01271},
year = {2016}
}


@Article{ranger,
    title = {{ranger}: A Fast Implementation of Random Forests for High
      Dimensional Data in {C++} and {R}},
    author = {Marvin N. Wright and Andreas Ziegler},
    journal = {Journal of Statistical Software},
    year = {2017},
    volume = {77},
    number = {1},
    pages = {1--17},
    doi = {10.18637/jss.v077.i01},
 }
 
 @article{sklearn,
 title={Scikit-learn: Machine Learning in {P}ython},
 author={Pedregosa, F. and Varoquaux, G. and Gramfort, A. and Michel, V.
         and Thirion, B. and Grisel, O. and Blondel, M. and Prettenhofer, P.
         and Weiss, R. and Dubourg, V. and Vanderplas, J. and Passos, A. and
         Cournapeau, D. and Brucher, M. and Perrot, M. and Duchesnay, E.},
 journal={Journal of Machine Learning Research},
 volume={12},
 pages={2825--2830},
 year={2011}
}
@article{olson,
 title={Making Sense of Random Forest Probabilities: a Kernel
Perspective},
 author={Olson, M. and Wyner, A.},
 journal ={arXiv:1812.05792 [stat.ML]}
}

@article{Dankowski,
 title={Calibrating random forests for probability estimation},
 author={ Dankowski, T. and Ziegler, A.},
 journal={Stat Med},
 volume={35},
 issue = {22},
 pages={3949-3960},
 doi = {10.1002/sim.6959},
 year={2016}
}

















@article{probability_estimation,
author = {Kruppa, Jochen and Liu, Yufeng and Biau, GÃ©rard and Kohler, Michael and KÃ¶nig, Inke R. and Malley, James D. and Ziegler, Andreas},
title = {Probability estimation with machine learning methods for dichotomous and multicategory outcome: Theory},
journal = {Biometrical Journal},
volume = {56},
number = {4},
pages = {534-563},
keywords = {Bagged nearest neighbor, Nonparametric regression, Probability estimation, Random forest, Support vector machine},
doi = {10.1002/bimj.201300068},
url = {https://onlinelibrary.wiley.com/doi/abs/10.1002/bimj.201300068},
eprint = {https://onlinelibrary.wiley.com/doi/pdf/10.1002/bimj.201300068},
year = {2014}
}

@inproceedings{elkan2001foundations,
  title={The foundations of cost-sensitive learning},
  author={Elkan, Charles},
  booktitle={International joint conference on artificial intelligence},
  volume={17},
  number={1},
  pages={973--978},
  year={2001},
  organization={Lawrence Erlbaum Associates Ltd}
}

@article{conformal,
title = "A tutorial on conformal prediction",
keywords = "confidence, on-line compression modeling, on-line learning, prediction regions",
author = "Glenn Shafer and Vladimir Vovk",
year = "2008",
month = "3",
language = "English",
volume = "9",
pages = "371--421",
journal = "Journal of Machine Learning Research",
issn = "1533-7928",
publisher = "Microtome Publishing",
}

@Article{conformal_rf,
author="Bhattacharyya, Siddhartha",
title="Confidence in predictions from random tree ensembles",
journal="Knowledge and Information Systems",
year="2013",
month="May",
day="01",
volume="35",
number="2",
pages="391--410",
issn="0219-3116",
doi="10.1007/s10115-012-0600-z",
url="https://doi.org/10.1007/s10115-012-0600-z"
}

@book{esli,
  author    = {Trevor Hastie and
               Robert Tibshirani and
               Jerome H. Friedman},
  title     = {The elements of statistical learning: data mining, inference, and
               prediction, 2nd Edition},
  series    = {Springer series in statistics},
  publisher = {Springer},
  year      = {2009},
  url       = {http://www.worldcat.org/oclc/300478243},
  isbn      = {9780387848570},
  timestamp = {Wed, 03 May 2017 01:00:00 +0200},
  biburl    = {https://dblp.org/rec/bib/books/lib/HastieTF09},
  bibsource = {dblp computer science bibliography, https://dblp.org}
}
